<record><leader>00000cas a22000007a 4500</leader><controlfield tag="001">15714639</controlfield><controlfield tag="008">870520c19029999msuwr ne      0    0eng d</controlfield><datafield ind1=" " ind2=" " tag="010"><subfield code="a">sn 87065396 </subfield></datafield><datafield ind1=" " ind2=" " tag="040"><subfield code="a">MJA</subfield><subfield code="b">eng</subfield><subfield code="c">MJA</subfield><subfield code="d">MSJ</subfield><subfield code="d">OCLCQ</subfield></datafield><datafield ind1=" " ind2=" " tag="042"><subfield code="a">msc</subfield></datafield><datafield ind1="0" ind2="0" tag="245"><subfield code="a">Simpson County news.</subfield></datafield><datafield ind1=" " ind2=" " tag="260"><subfield code="a">Mendenhall, Miss. :</subfield><subfield code="b">Mrs. R.J. Geiger</subfield></datafield><datafield ind1=" " ind2=" " tag="310"><subfield code="a">Weekly</subfield></datafield><datafield ind1="1" ind2=" " tag="362"><subfield code="a">Began in 1902.</subfield></datafield><datafield ind1=" " ind2=" " tag="500"><subfield code="a">Special "Centennial edition" published July 27, 1972.</subfield></datafield><datafield ind1=" " ind2=" " tag="588"><subfield code="a">Description based on: Vol. 30, no. 32 (May 29, 1902).</subfield></datafield><datafield ind1=" " ind2=" " tag="752"><subfield code="a">United States</subfield><subfield code="b">Mississippi</subfield><subfield code="c">Simpson</subfield><subfield code="d">Mendenhall.</subfield></datafield><datafield ind1="0" ind2="0" tag="780"><subfield code="t">Westville news (Westville, Miss. : 1894)</subfield><subfield code="w">(OCoLC)16578600</subfield></datafield></record>